@book{bishop2006pattern,
  title={Pattern Recognition and Machine Learning},
  author={Bishop, Christopher M},
  year={2006},
  publisher={Springer}
}

@book{williams2006gaussian,
  title={Gaussian Processes for Machine Learning},
  author={Williams, Christopher KI and Rasmussen, Carl Edward},
  volume={2},
  number={3},
  year={2006},
  publisher={MIT Press Cambridge, MA}
}
